<record xmlns="http://www.loc.gov/MARC21/slim" xmlns:xsi="http://www.w3.org/2001/XMLSchema-instance" xsi:schemaLocation="http://www.loc.gov/MARC21/slim http://www.loc.gov/standards/marcxml/schema/MARC21slim.xsd"><leader>     nam a22        4500</leader><controlfield tag="001">3274317</controlfield><controlfield tag="003">NNC</controlfield><controlfield tag="006">m        d        </controlfield><controlfield tag="007">cr cn |||m|||a</controlfield><controlfield tag="008">150316s1882    xx      o     000 0 araod</controlfield><datafield ind1=" " ind2=" " tag="040"><subfield code="a">NNU</subfield><subfield code="b">eng</subfield><subfield code="e">rda</subfield><subfield code="c">NNU</subfield></datafield><datafield ind1=" " ind2="4" tag="082"><subfield code="a">381.9927</subfield><subfield code="b">M89a</subfield></datafield><datafield ind1="0" ind2=" " tag="100"><subfield code="a">Mufad&#803;d&#803;al ibn Muh&#803;ammad al-D&#803;abbi&#772;,</subfield><subfield code="d">active 8th century.</subfield></datafield><datafield ind1="1" ind2="0" tag="245"><subfield code="a">Amthal al-&#699;Arab /</subfield><subfield code="c">[ta&#700;li&#772;f] al-mufad&#803;d&#803;al ibn muh&#803;ammad al-Dabbi&#772;.</subfield></datafield><datafield ind1=" " ind2=" " tag="250"><subfield code="a">Al-T&#803;ab&#699;ah 1.</subfield></datafield><datafield ind1=" " ind2=" " tag="260"><subfield code="a">Qastanti&#772;ni&#772;yah :</subfield><subfield code="b">Matba&#699;at al-Jawa&#772;&#700;ib,</subfield><subfield code="c">1300 [1882]</subfield></datafield><datafield ind1=" " ind2=" " tag="300"><subfield code="a">online resource (165 pages)</subfield></datafield><datafield ind1=" " ind2=" " tag="336"><subfield code="a">text</subfield><subfield code="2">rdacontent</subfield></datafield><datafield ind1=" " ind2=" " tag="337"><subfield code="a">computer</subfield><subfield code="2">rdamedia</subfield></datafield><datafield ind1=" " ind2=" " tag="338"><subfield code="a">online resource</subfield><subfield code="2">rdacarrier</subfield></datafield><datafield ind1=" " ind2=" " tag="500"><subfield code="a">Part of the Arabic Collections Online (ACO) project, contributed by Columbia University Libraries.</subfield></datafield><datafield ind1="0" ind2=" " tag="505"><subfield code="a">Amtha&#772;l al-&#699;Arab / M.M. al-Dabbi&#772; -- Asra&#772;r al-hukama&#772; / Y. Musta&#699;simi&#772; -- Amthal al-Hikmiyah / Y. &#699;Abd Alla&#772;h.</subfield></datafield><datafield ind1=" " ind2=" " tag="533"><subfield code="a">Electronic reproduction.</subfield><subfield code="b">New York, N.Y. :</subfield><subfield code="c">New York University,</subfield><subfield code="d">2015.</subfield><subfield code="5">NNU</subfield></datafield><datafield ind1=" " ind2="0" tag="650"><subfield code="a">Proverbs, Arabic.</subfield></datafield><datafield ind1=" " ind2="7" tag="650"><subfield code="a">Proverbs, Arabic.</subfield><subfield code="2">fast</subfield><subfield code="0">(OCoLC)fst01080229</subfield></datafield><datafield ind1="1" ind2=" " tag="700"><subfield code="a">Yaqu&#772;t al-Musta&#699;simi&#772;, al Bagbda&#772;di&#772;.</subfield><subfield code="t">Asra&#772;r al-hukama&#772;.</subfield></datafield><datafield ind1="0" ind2=" " tag="700"><subfield code="a">Yu&#772;suf ibn &#699;Abd Alla&#772;h.</subfield><subfield code="t">Amtha&#772;l al-Hikmiyah.</subfield></datafield><datafield ind1="2" ind2=" " tag="710"><subfield code="a">Columbia University.</subfield><subfield code="b">Libraries.</subfield></datafield><datafield ind1="0" ind2=" " tag="730"><subfield code="a">Arabic Collections Online.</subfield></datafield><datafield ind1="0" ind2="8" tag="776"><subfield code="i">Online version:</subfield><subfield code="a">Mufad&#803;d&#803;al ibn Muh&#803;ammad al-D&#803;abbi&#772;, 8th cent.</subfield><subfield code="t">Amthal al-&#699;Arab.</subfield><subfield code="b">Al-T&#803;ab&#699;ah 1.</subfield><subfield code="d">Qastanti&#772;ni&#772;yah : Matba&#699;at al-Jawa&#772;&#700;ib, 1300 [1882]</subfield><subfield code="w">(OCoLC)654187606</subfield></datafield><datafield ind1="0" ind2="8" tag="776"><subfield code="i">Print version:</subfield><subfield code="a">Mufad&#803;d&#803;al ibn Muh&#803;ammad al-D&#803;abbi&#772;, active 8th century.</subfield><subfield code="t">Amthal al-&#699;Arab</subfield><subfield code="w">(NNC)3274317</subfield><subfield code="w">(OCoLC)25224424</subfield></datafield><datafield ind1="4" ind2="0" tag="856"><subfield code="u">http://hdl.handle.net/2333.1/v41ns44m</subfield></datafield><datafield ind1=" " ind2=" " tag="959"><subfield code="a">NNU</subfield><subfield code="b">WEB</subfield><subfield code="c">GENI</subfield><subfield code="t">0</subfield><subfield code="m">Electronic access</subfield><subfield code="s">01</subfield></datafield><datafield ind1=" " ind2=" " tag="999"><subfield code="i">NNC_3274317</subfield><subfield code="o">(OCoLC)ocm25224424 </subfield><subfield code="s">columbia_aco000341</subfield><subfield code="e">(ERROR-880)</subfield></datafield></record>